<record><leader>00000cas a2200000 a 4500</leader><controlfield tag="001">1641795</controlfield><controlfield tag="008">750920d19671969mauen ne      0    0eng c</controlfield><datafield ind1=" " ind2=" " tag="010"><subfield code="a">sn 94053415 </subfield></datafield><datafield ind1=" " ind2=" " tag="040"><subfield code="a">MUL</subfield><subfield code="b">eng</subfield><subfield code="c">MUL</subfield><subfield code="d">CNW</subfield><subfield code="d">OCL</subfield><subfield code="d">NYS</subfield><subfield code="d">OCLCQ</subfield><subfield code="d">OCLCF</subfield><subfield code="d">OCLCO</subfield></datafield><datafield ind1="1" ind2=" " tag="029"><subfield code="a">AU@</subfield><subfield code="b">000011427534</subfield></datafield><datafield ind1=" " ind2=" " tag="042"><subfield code="a">pcc</subfield></datafield><datafield ind1=" " ind2=" " tag="043"><subfield code="a">n-us-ma</subfield></datafield><datafield ind1="0" ind2="0" tag="245"><subfield code="a">Mother of voices.</subfield></datafield><datafield ind1=" " ind2=" " tag="260"><subfield code="a">Northampton, Mass. :</subfield><subfield code="b">The Family</subfield></datafield><datafield ind1=" " ind2=" " tag="310"><subfield code="a">Biweekly (except monthly July-Aug.)</subfield></datafield><datafield ind1="0" ind2=" " tag="362"><subfield code="a">Vol. 1, no. 1 (Nov. 16-30, [1967]-</subfield></datafield><datafield ind1="1" ind2=" " tag="362"><subfield code="a">Ceased with undated issue [from Feb. or Mar. 1969].</subfield></datafield><datafield ind1=" " ind2=" " tag="500"><subfield code="a">"The late" appears above title of last issue.</subfield></datafield><datafield ind1=" " ind2=" " tag="500"><subfield code="a">Published in Amherst, Mass., Apr. 11-24, 1968-1969.</subfield></datafield><datafield ind1=" " ind2=" " tag="500"><subfield code="a">Staff: Mothers-in-law: Bart Kaplan ... [et al.].</subfield></datafield><datafield ind1=" " ind2=" " tag="530"><subfield code="a">Available on microfilm from Bell &amp; Howell (Underground newspaper collection).</subfield></datafield><datafield ind1=" " ind2="0" tag="650"><subfield code="a">Underground press publications</subfield><subfield code="z">Massachusetts</subfield><subfield code="z">Northampton.</subfield></datafield><datafield ind1=" " ind2="0" tag="651"><subfield code="a">Amherst (Mass.)</subfield><subfield code="v">Newspapers.</subfield></datafield><datafield ind1=" " ind2="0" tag="651"><subfield code="a">Northampton (Mass.)</subfield><subfield code="v">Newspapers.</subfield></datafield><datafield ind1=" " ind2="7" tag="655"><subfield code="a">Newspapers.</subfield><subfield code="2">fast</subfield><subfield code="0">(OCoLC)fst01423814</subfield></datafield><datafield ind1=" " ind2="7" tag="650"><subfield code="a">Underground press publications.</subfield><subfield code="2">fast</subfield><subfield code="0">(OCoLC)fst01160984</subfield></datafield><datafield ind1=" " ind2="7" tag="651"><subfield code="a">Massachusetts</subfield><subfield code="z">Amherst.</subfield><subfield code="2">fast</subfield><subfield code="0">(OCoLC)fst01205179</subfield></datafield><datafield ind1=" " ind2="7" tag="651"><subfield code="a">Massachusetts</subfield><subfield code="z">Northampton.</subfield><subfield code="2">fast</subfield><subfield code="0">(OCoLC)fst01206054</subfield></datafield><datafield ind1=" " ind2=" " tag="752"><subfield code="a">United States</subfield><subfield code="b">Massachusetts</subfield><subfield code="c">Hampshire</subfield><subfield code="d">Amherst.</subfield></datafield><datafield ind1=" " ind2=" " tag="752"><subfield code="a">United States</subfield><subfield code="b">Massachusetts</subfield><subfield code="c">Hampshire</subfield><subfield code="d">Northhampton.</subfield></datafield><datafield ind1="1" ind2=" " tag="776"><subfield code="t">Mother of voices</subfield><subfield code="w">(OCoLC)7524823</subfield></datafield></record>